\usepackage[utf8]{inputenc}


@article{Ito2005,
  author       = {Ito H., Lee D.},
  title        = {Assessing the impact of the September 11 terrorist attacks on U.S. airline demand},
  journal      = {Journal of Economics and Business},
  volume       = {57},
  number       = {1},
  pages        = {75-95},
  year         = {2004},
  month        = {October},
  doi          = {10.1016/j.jeconbus.2004.06.003},
  url          = {https://doi.org/10.1016/j.jeconbus.2004.06.003},
}


@misc{notis2012,
  author       = {Notis, K.},
  title        = {Airline Travel Since 9/11},
  year         = {2012},
  month        = {November},
  day          = {21},
  institution  = {Bureau of Transportation Statistics, U.S. Department of Transportation},
  url          = {https://www.bts.gov/archive/publications/special_reports_and_issue_briefs/issue_briefs/number_13/entire},
  note         = {Accessed: December 7, 2024}
}



@article{niestadt2020,
  title={Suspension of EU rules on airport slot allocation},
  author={Niestadt, M.},
  journal={European Parliamentary Research Service},
  year={2020},
  url={https://www.europarl.europa.eu/legislative-train/theme-transport-and-tourism-tran/file-coronavirus-suspension-of-eu-rules-on-airport-slot-allocation},
    note         = {Accessed: December 10, 2024}
}


@misc{eurostat,
  author       = {{Eurostat}},
  title        = {Air passenger transport by type of schedule, transport coverage and country},
  year         = {2024},
  url          = {https://ec.europa.eu/eurostat/databrowser/view/avia_paoc__custom_12891539/default/table?lang=en},
  note         = {Accessed: December 3, 2024},
}


@misc{eurostat_tourist,
  author       = {{Eurostat}},
  title        = {Arrivals of residents/non-residents at tourist accommodation establishments},
  year         = {2024},
  url          = {https://ec.europa.eu/eurostat/databrowser/view/tin00174__custom_13997271/default/table?lang=en},
  note         = {Accessed: December 3, 2024},
}


@misc{who,
  author       = {{World Health Organization (WHO)}},
  title        = {COVID-19 Data Repository},
  year         = {2024},
  url          = {https://github.com/owid/covid-19-data/tree/master/public/data},
  note         = {Accessed: December 3, 2024},
}


@misc{itc,
  author = {{Blavatnik School of Government, University of Oxford}},
  title        = {International travel controls during the COVID-19 pandemic},
  year         = {2023},
  note         = {With minor processing by Our World in Data; “Government Response Tracker (OxCGRT)” [original data]. Retrieved December 3, 2024 from https://ourworldindata.org/grapher/international-travel-covid},
}


@article{gossling2020a,
title = {The global scale, distribution and growth of aviation: Implications for climate change},
journal = {Global Environmental Change},
volume = {65},
year = {2020},
issn = {0959-3780},
doi = {https://doi.org/10.1016/j.gloenvcha.2020.102194},
url = {https://www.sciencedirect.com/science/article/pii/S0959378020307779},
author = {Gössling S., Humpe A.},
}


@article{LEE2021,
title = {The contribution of global aviation to anthropogenic climate forcing for 2000 to 2018},
journal = {Atmospheric Environment},
volume = {244},
year = {2021},
issn = {1352-2310},
doi = {https://doi.org/10.1016/j.atmosenv.2020.117834},
url = {https://www.sciencedirect.com/science/article/pii/S1352231020305689},
author = {Lee D.S., Fahey D.W.{,} Skowron A.{,} {et al.}}
}


@article{ADDEPALLI2018,
title = {Socio-economic and demographic factors that contribute to the growth of the civil aviation industry},
journal = {Procedia Manufacturing},
volume = {19},
pages = {2-9},
year = {2018},
note = {Proceedings of the 6th International Conference in Through-life Engineering Services, University of Bremen, 7th and 8th November 2017},
issn = {2351-9789},
doi = {https://doi.org/10.1016/j.promfg.2018.01.002},
url = {https://www.sciencedirect.com/science/article/pii/S2351978918300027},
author = {Addepalli S., Pagalday G.{,} Salonitis K.{,} {et al.}},
}


@misc{icao2016,
  author       = {{International Civil Aviation Organization}},
  title        = {Traffic Growth and Airline Profitability Were Highlights of Air Transport in 2016},
  year         = {2016},
  url          = {https://www.icao.int/Newsroom/Pages/traffic-growth-and-airline-profitability-were-highlights-of-air-transport-in-2016.aspx},
  note         = {Accessed: September 25, 2024}
}


@misc{boeing2014,
  author       = {{Boeing}},
  title        = {Boeing Current Market Outlook 2014–2033},
  year         = {2014},
  url          = {https://www.boeing.com/content/dam/boeing/boeingdotcom/commercial/about-our-market/assets/downloads/Boeing_Current_Market_Outlook_2014.pdf},
  note         = {Accessed: September 25, 2024}
}


@article{popescu2017,
  author       = {Popescu, A.},
  title        = {Trends in tourism demand in the top visited European countries},
  journal      = {Scientific Papers Series Management, Economic Engineering in Agriculture and Rural Development},
  volume       = {17},
  number       = {4},
  pages        = {243--253},
  year         = {2017},
}


@misc{airbus2016,
  author       = {{Airbus}},
  title        = {Global Market Forecast 2016-2035},
  howpublished = {Airbus Group SE},
  year         = {2016},
  note         = {Leaflet},
  url          = {http://www.deluca.aero/wp-content/uploads/2016/11/Airbus-GMF-2016-2035-MappingDemand-full_book.pdf},
  note         = {Accessed: September 25, 2024}
}


@techreport{airbus2019,
	author = {Airbus},
  title = {Cities, Airports \& Aircraft 2019 - 2038},
  year = {2019},
  url = {https://www.airbus.com/sites/g/files/jlcbta136/files/2021-07/GMF-2019-2038-Airbus-Commercial-Aircraft-book.pdf},
  note         = {Accessed: September 25, 2024}
}


@misc{airbus2021,
  author    = {Airbus},
  title     = {Airbus Global Market Forecast 2021-2040},
  year      = {2021},
  url       = {https://aircraft.airbus.com/sites/g/files/jlcbta126/files/2021-11/Airbus%20Global%20Market%20Forecast%202021-2040.pdf},
  note         = {Accessed: September 25, 2024}
}


@misc{airbus2022,
  author    = {Shparberg S., Lange B.},
  title     = {Airbus Global Market Forecast 2022-2041},
  year      = {2022},
  url       = {https://www.airbus.com/sites/g/files/jlcbta136/files/2022-07/2022-2041%20-GMF-Presentation.pdf},
  note         = {Accessed: September 25, 2024}
}


@misc{airbus2023,
author    = {Airbus},
  title     = {Airbus Global Market Forecast 2023-2042},
  year      = {2023},
  url       = {https://www.airbus.com/sites/g/files/jlcbta136/files/2023-06/Airbus%20Global%20Market%20Forecast%202023-2042%20Presentation.pdf},
  address   = {Toulouse},
  note      = {13 June 2023},
  note         = {Accessed: September 25, 2024}
}


@misc{airbus2024,
author    = {Airbus},
  title     = {Airbus Global Market Forecast 2024},
  year      = {2024},
  url       = {https://www.airbus.com/en/products-services/commercial-aircraft/global-market-forecast},
  note         = {Accessed: September 25, 2024}
}


@article{suau2020,
  author    = {Suau-Sanchez P., Voltes-Dorta A.{,} Cugueró-Escofet N.},
  title     = {An early assessment of the impact of COVID-19 on air transport: Just another crisis or the end of aviation as we know it?},
  journal   = {Journal of Transport Geography},
  volume    = {86},
  year      = {2020},
  doi       = {10.1016/j.jtrangeo.2020.102749},
  url       = {https://doi.org/10.1016/j.jtrangeo.2020.102749}
}


@article{IACUS2020,
title = {Estimating and projecting air passenger traffic during the COVID-19 coronavirus outbreak and its socio-economic impact},
journal = {Safety Science},
volume = {129},
year = {2020},
issn = {0925-7535},
doi = {https://doi.org/10.1016/j.ssci.2020.104791},
url = {https://www.sciencedirect.com/science/article/pii/S0925753520301880},
author = {Iacus S.M., Natale F.{,} Santamaria C.{,} Spyratos S.{,} Vespe M.}
}


@article{dube2021b,
title = {COVID-19 pandemic and prospects for recovery of the global aviation industry},
journal = {Journal of Air Transport Management},
volume = {92},
year = {2021},
issn = {0969-6997},
doi = {https://doi.org/10.1016/j.jairtraman.2021.102022},
url = {https://www.sciencedirect.com/science/article/pii/S0969699721000053},
author = {Dube K., Nhamo G.{,} Chikodzi D.}
}


@article{dube2021tourism,
  title={COVID-19 cripples global restaurant and hospitality industry},
  author={Dube K., Nhamo G., Chikodzi D.},
  journal={Current Issues in Tourism},
  volume={24},
  number={11},
  pages={1487-1490},
  year={2021},
  publisher={Taylor \& Francis}
}


@article{sun2023,
title = {Aviation under the COVID-19 pandemic: A synopsis from normalcy to chaos and back},
journal = {Journal of the Air Transport Research Society},
volume = {1},
number = {1},
pages = {136-151},
year = {2023},
issn = {2941-198X},
doi = {https://doi.org/10.59521/8F3EEB54038C692E},
url = {https://www.sciencedirect.com/science/article/pii/S2941198X24000253},
author = {Sun X., Wandelt S.{,} Zhang A.}
}


@misc{icao2016,
  author       = {{International Civil Aviation Organization}},
  title        = {Traffic Growth and Airline Profitability Were Highlights of Air Transport in 2016},
  year         = {2017},
  url          = {https://www.icao.int/Newsroom/Pages/traffic-growth-and-airline-profitability-were-highlights-of-air-transport-in-2016.aspx},
  note         = {Accessed: October 23, 2024}
}


@misc{iata2020a,
  author       = {{International Air Transport Association}},
  title        = {COVID-19: Third Impact Assessment},
  year         = {2020},
  url          = {https://www.iata.org/en/iata-repository/publications/economic-reports/third-impact-assessment/},
  note         = {Accessed: October 23, 2024}
}


@misc{icao2020,
  author       = {{International Civil Aviation Organization}},
  title        = {Effects of Novel Coronavirus (COVID-19) on Civil Aviation: Economic Impact Analysis},
  year         = {2020},
  url          = {https://www.icao.int/sustainability/Documents/COVID-19/ICAO_Coronavirus_Econ_Impact.pdf},
  note         = {Accessed: October 23, 2024}
}


(@misc{icao2020,
  title = {Effects of Novel Coronavirus (COVID-19) on Civil Aviation: Economic Impact Analysis},
  author = {{Air Transport Bureau}},
  year = {2020},
  url = {https://www.aaco.org/Library/Files/Uploaded%20Files/Economics/Corona%20studies/3dec%20ICAO_Coronavirus_Econ_Impact.pdf},
  note = {Accessed: October 24, 2024}
}
)


@article{lai2020,
  title={Severe acute respiratory syndrome coronavirus 2 (SARS-CoV-2) and coronavirus disease-2019 (COVID-19): The epidemic and the challenges},
  author={Lai C.-C., Shih T.-P.{,} Ko W.-C.{,} {et al.}},
  journal={International journal of antimicrobial agents},
  volume={55},
  number={3},
  year={2020},
  publisher={Elsevier}
}


@article{denstadli2004,
  title={Impacts of videoconferencing on business travel: the Norwegian experience},
  author={Denstadli, J.M.},
  journal={Journal of Air Transport Management},
  volume={10},
  number={6},
  pages={371--376},
  year={2004},
  publisher={Elsevier}
}


@article{denstadli2013,
  title={Videoconferencing and business air travel: Do new technologies produce new interaction patterns?},
  author={Denstadli J.M., Gripsrud M.{,} Hjorthol R.{,} {et al.}},
  journal={Transportation Research Part C: Emerging Technologies},
  volume={29},
  pages={1-13},
  year={2013},
  publisher={Elsevier}
}


@article{schwarzmuller2018,
  title={How does the digital transformation affect organizations? Key themes of change in work design and leadership},
  author={Schwarzmüller T., Brosi P.{,} Duman D., {et al.}},
  journal={Management Revue},
  volume={29},
  number={2},
  pages={114-138},
  year={2018},
  publisher={JSTOR}
}


@article{morlotti2017,
  title={Multi-dimensional price elasticity for leisure and business destinations in the low-cost air transport market: Evidence from easyJet},
  author={Morlotti C., Cattaneo M.{,} Malighetti P.{,} {et al.}},
  journal={Tourism Management},
  volume={61},
  pages={23-34},
  year={2017},
  publisher={Elsevier}
}


@misc{iata2019,
  title = {Aviation Benefits Report},
  author = {{International Air Transport Association}},
  year = {2019},
  url = {https://www.icao.int/sustainability/Documents/AVIATION-BENEFITS-2019-web.pdf},
  note = {Accessed: October 24, 2024}
}


@article{dube2020,
  title={Major global aircraft manufacturers and emerging responses to the SDGs agenda},
  author={Dube K., Nhamo G.},
  journal={Scaling up SDGs Implementation: Emerging Cases from State, Development and Private Sectors},
  pages={99-113},
  year={2020},
  publisher={Springer}
}
  
  
  @article{tretheway2014,
  title={The aviation value chain: Economic returns and policy issues},
  author={Tretheway M.W., Markhvida K.},
  journal={Journal of Air Transport Management},
  volume={41},
  pages={3-16},
  year={2014},
  publisher={Elsevier}
}


@article{sadi2000,
  title={The Asian economic crisis and the aviation industry: Impacts and response strategies},
  author={Sadi M.A., Henderson J.C.},
  journal={Transport Reviews},
  volume={20},
  number={3},
  pages={347-367},
  year={2000},
  publisher={Taylor \& Francis}
}


@article{chung2015,
  title={Impact of pandemic control over airport economics: Reconciling public health with airport business through a streamlined approach in pandemic control},
  author={Chung, L.H.},
  journal={Journal of Air Transport Management},
  volume={44},
  pages={42-53},
  year={2015},
  publisher={Elsevier}
}


@article{hall2011,
  title={Biosecurity, tourism and mobility: institutional arrangements for managing tourism-related biological invasions},
  author={Hall, C.M.},
  journal={Journal of Policy Research in Tourism, Leisure and Events},
  volume={3},
  number={3},
  pages={256-280},
  year={2011},
  publisher={Taylor \& Francis}
}


@article{sun2020,
  title={How did COVID-19 impact air transportation? A first peek through the lens of complex networks},
  author={Xiaoqian S., Wandelt S.{,} Anming Z.},
  journal={Journal of Air Transport Management},
  volume={89},
  year={2020},
  publisher={Elsevier}
}


@article{bailey2002,
  title={Aviation policy: Past and present},
  author={Bailey, E.E.},
  journal={Southern Economic Journal},
  volume={69},
  number={1},
  pages={12-20},
  year={2002},
  publisher={Wiley Online Library}
}


@article{vig2004,
  title={Bailout, Bankruptcy and who Bails Out the Bailout?},
  author={Vig, V.E.},
  journal={European State Aid Quarterly},
  volume={3},
  year={2004},
  publisher={HeinOnline}
}


@article{voltes2012,
  title={The impact of recession on airports' cost efficiency},
  author={Voltes-Dorta A., Pagliari R.},
  journal={Transport Policy},
  volume={24},
  pages={211--222},
  year={2012},
  publisher={Elsevier}
}


@article{bobashev2008,
  title={Sampling for global epidemic models and the topology of an international airport network},
  author={Bobashev G., Morris R.J.{,} Goedecke D.M.},
  journal={PLoS One},
  volume={3},
  number={9},
  pages={1-8},
  year={2008},
  publisher={Public Library of Science San Francisco, USA}
}


@article{nicolaides2012,
  title={A metric of influential spreading during contagion dynamics through the air transportation network},
  author={Nicolaides C., Cueto-Felgueroso L.{,} Gonz{\'a}lez M.C.{,} {et al.}},
  journal={PloS one},
  volume={7},
  number={7},
  pages={1-10},
  year={2012},
  publisher={Public Library of Science San Francisco, USA}
}


@article{gossling2020b,
  title={Pandemics, tourism and global change: a rapid assessment of COVID-19},
  author={Gössling S., Scott D.{,} Hall C.M.},
  journal={Journal of sustainable tourism},
  volume={29},
  number={1},
  pages={1-20},
  year={2020},
  publisher={Taylor \& Francis}
}


@article{nhamo2020c,
  title={Impact of COVID-19 on the Global Network of Airports},
  author={Nhamo G., Dube K.{,} Chikodzi D.{,} {et al.}},
  journal={Counting the cost of COVID-19 on the global tourism industry},
  pages={109-133},
  year={2020},
  publisher={Springer}
}


@article{nhamo2020a,
  title={COVID-19 and implications for the aviation sector: a global perspective},
  author={Nhamo G., Dube K.{,} Chikodzi D.},
  journal={Counting the cost of COVID-19 on the global tourism industry},
  pages={89-107},
  year={2020},
  publisher={Springer}
}


@misc{caswell2020,
  author = {Caswell, M.},
  title = {Lufthansa to permanently retire selected A380, A340, and B747 aircraft},
  year = {2020},
  url = {https://www.businesstraveller.com/business-travel/2020/04/07/lufthansa-to-permanently-retire-selected-a380-a340-and-b747-aircraft/},
  note = {Accessed: October 24, 2024}
}


@article{guglielmi2020,
  author = {Guglielmi, G.},
  title = {Fast coronavirus tests: what they can and can't do},
  journal = {Nature},
  volume = {585},
  pages = {496-498},
  year = {2020},
  doi = {10.1038/d41586-020-02661-2},
  url = {https://doi.org/10.1038/d41586-020-02661-2},
  publisher = {Springer Nature Limited},
}